2400 4004
141 186 156 231 6
557 177 694 229 handen

140 316 228 375 votre
251 310 328 374 Pere
345 308 401 391 qui
414 310 535 392 parlera
546 330 584 374 en
598 331 675 375 vous
687 311 707 375 ¹.
720 335 734 372 u
753 314 794 375 Le
816 315 908 377 fidele
928 316 1048 379 dehout
1065 334 1103 378 en

139 437 209 500 face
234 436 277 498 du
292 435 367 518 juge
389 435 599 517 n’appartient
619 437 688 518 plus
707 439 726 500 a
744 455 780 500 oe
798 440 925 502 monde.
946 441 1044 511 Ou’on
1060 439 1104 500 lui

141 560 297 624 demando
311 558 366 642 qui
383 565 430 623 est
442 562 590 667 sonptre
602 560 741 640 charnel,
756 565 861 642 quelle
877 569 925 626 est
945 583 978 625 sa
992 563 1102 644 patrie,

139 703 173 747 sa
187 682 377 763 profession,
402 702 435 746 sa
457 683 621 747 condition
645 686 801 762 diei-has,
819 707 862 750 un
877 688 942 751 seul
956 692 1024 751 rnot
1038 686 1106 749 doit

139 807 330 890 repondrea
345 810 416 873 tout
432 830 439 872 :
459 808 518 874 oie
534 811 598 873 suis
611 811 763 875 chritien.
779 834 793 871 u

184 935 310 998 uns-tu
332 940 379 997 tes
398 939 537 1014 parents
560 935 665 999 dit-on
684 938 703 998 a
721 935 802 999 saint
821 934 926 999 Pierre
947 935 1106 997 Balsamet

141 1087 178 1106 -
188 1057 226 1122 Je
237 1061 310 1121 n’en
326 1059 355 1120 ai
370 1059 471 1137 point.
486 1062 581 1122 —Tu
595 1077 695 1134 mens,
713 1061 856 1139 poursnit
866 1061 893 1123 le
904 1061 990 1142 juge,
1003 1079 1106 1123 caron

141 1180 204 1246 m’a
218 1182 267 1246 dit
279 1199 341 1265 que
356 1189 412 1247 ton
426 1186 500 1264 pere
514 1188 545 1247 et
559 1188 592 1245 ta
605 1185 692 1245 mere
707 1183 849 1247 existent.
861 1152 900 1231 -ζ
913 1168 1103 1265 L’livangile,

87 1393 91 1400 .
141 1304 285 1391 replique
298 1308 328 1370 le
344 1307 435 1385 saint,
453 1306 641 1371 m’ordonne
657 1310 696 1370 de
710 1311 779 1372 tout
792 1310 895 1372 renier
908 1311 927 1373 a
938 1309 1056 1372 l’heure
1067 1310 1106 1371 de

141 1432 172 1494 la
185 1430 393 1496 confession&
408 1454 423 1492 u

182 1556 271 1621 Saint
284 1557 401 1622 Lucien
416 1557 537 1637 repond
555 1558 594 1621 de
608 1556 743 1638 memei,
762 1559 845 1621 aussi
859 1560 938 1623 saint
959 1558 1103 1636 Hitraxt,

144 1681 225 1745 saint
241 1683 377 1746 Vincunt
391 1680 512 1764 d’hgen
527 1681 549 1762 ⁵,
568 1682 649 1747 saint
665 1682 783 1760 trente,
800 1686 878 1747 dont
892 1684 921 1746 le
936 1685 1010 1764 pere
1026 1688 1057 1746 et
1077 1683 1107 1745 la

144 1806 232 1872 mere
255 1809 378 1873 avaient
401 1809 539 1872 entendu
559 1808 588 1870 le
611 1809 751 1888 premier
770 1769 1020 1888 interrogatoire.
1040 1828 1056 1867 u
1071 1807 1107 1869 Je

176 2131 186 2167 ¹
202 2129 289 2182 Matth.
302 2141 329 2192 x,
344 2130 382 2193 18,
398 2130 437 2192 19,
452 2130 492 2179 20.

174 2210 186 2245 2
204 2227 218 2257 x
229 2210 318 2260 Praeses
329 2208 388 2258 dixit
399 2223 405 2257 :
415 2209 530 2258 Parentes
540 2207 633 2258 habes?
642 2207 727 2258 Petrus
739 2205 860 2271 respondit
871 2209 940 2257 :Non
950 2206 1036 2256 habeo.
1047 2208 1109 2257 Prae-

148 2307 163 2339 «
176 2304 213 2340 ses
225 2290 302 2340 dixit:
314 2290 432 2353 Mentiris,
447 2289 526 2339 audiri
539 2290 603 2339 enirn
612 2295 636 2339 te
645 2289 733 2338 hahere
741 2293 861 2353 parentes.
872 2291 958 2339 Petrus
967 2288 1089 2352 respondit
1101 2303 1107 2336 :

149 2371 206 2420 ulu
222 2369 351 2432 Evangelio
367 2369 427 2419 mihi
442 2375 585 2434 praeceptum
598 2375 635 2418 est
648 2368 728 2417 omnia
743 2368 873 2432 denegare,
890 2368 988 2417 eumad
1005 2368 1108 2416 nominis

147 2466 162 2497 o
176 2449 299 2500 christiani
314 2464 401 2500 renero
412 2449 591 2501 confessionem.
603 2465 617 2496 n
628 2448 747 2513 (hornan,
759 2449 820 2498 Actu
830 2449 937 2511 naono,
948 2447 986 2496 ed.
998 2446 1027 2496 de
1038 2450 1108 2509 1713,

145 2545 171 2594 p.
183 2529 249 2594 502.)

176 2611 187 2646 θ
202 2611 252 2667 Καὶ
262 2609 370 2673 λέγοντος
378 2607 420 2659 τοῦ
431 2608 557 2674 δημίου....
570 2608 633 2666 τίνας
643 2609 773 2675 προγόνους
786 2609 876 2675 (ipasch
888 2610 901 2657 ὁ
912 2609 938 2657 δὲ
947 2608 1005 2674 πρὸς
1018 2609 1109 2657 ἅπαντα

146 2688 235 2755 ἔλεγεν,
248 2690 283 2740 ὅτι
292 2689 413 2756 χριςιανός
426 2692 484 2755 εἰμι.
497 2688 533 2754 (S.
547 2690 681 2754 chrysost,
695 2693 767 2742 Hom.
781 2703 851 2753 xm,
866 2690 880 2753 ἓ
895 2692 917 2751 3,
934 2694 953 2738 t.
968 2690 988 2752 1,
1004 2704 1028 2752 p.
1044 2687 1108 2750 528.)

208 2788 223 2819 u
236 2770 352 2831 Quaesivit
365 2770 490 2835 protectus
500 2775 524 2820 et
536 2769 566 2819 ab
577 2771 678 2823 Hierone
687 2770 787 2819 ubinam
797 2770 905 2833 gentium
917 2775 995 2818 essent
1005 2770 1055 2832 ejus
1067 2783 1109 2832 pa-

148 2868 163 2900 «
177 2857 263 2902 rentes.
277 2851 322 2902 Cui
334 2851 456 2914 respondit
468 2851 556 2901 Hierax
566 2866 572 2899 :
584 2851 662 2900 Verus
674 2856 742 2915 pater
754 2855 834 2900 noster
845 2850 954 2900 Christus
966 2855 1010 2908 est,
1022 2854 1046 2897 et
1057 2862 1109 2896 ma-

148 2936 213 2982 oter
228 2930 307 2994 Fides,
323 2946 371 2996 qua
384 2931 409 2979 in
423 2931 502 2994 ipsum
515 2930 643 2980 eredimus.
658 2931 755 2981 Terreni
767 2945 822 2980 vero
837 2935 946 2993 parentes
961 2928 1008 2978 rnei
1023 2927 1110 2975 mortni

148 3028 166 3060 o
177 3017 241 3075 tunt.
253 3028 266 3059 n
281 3010 353 3076 (Actu
367 3011 394 3061 S.
409 3011 510 3074 tustini,
525 3010 540 3075 ἓ
554 3011 598 3074 ΙΙΙ,
610 3009 668 3059 dans
682 3011 791 3073 Ruinart,
806 3010 868 3059 Actu
879 3009 986 3070 sincero,
999 3023 1024 3071 p.
1039 3006 1088 3069 59.)

177 3080 189 3129 Β
205 3090 342 3143 «Subinde
357 3105 444 3156 preses
463 3089 572 3152 notitiam
591 3090 695 3140 nominis
709 3095 733 3139 et
746 3089 829 3155 patria
847 3104 873 3138 ae
890 3087 983 3149 generis
998 3085 1108 3150 exquirit,

147 3182 163 3220 o
175 3160 259 3223 satiato
274 3168 340 3221 cultu
351 3170 487 3220 christiana
498 3170 620 3233 religionis
622 3205 670 3221 .....
687 3171 761 3234 Cujus
776 3170 849 3219 verbe
866 3169 955 3218 athleta
967 3167 1056 3217 Christi
1068 3165 1110 3215 de-

147 3268 164 3301 u
176 3251 288 3319 upioieus,
300 3266 376 3314 genus
387 3266 415 3300 ao
425 3251 527 3316 patriam
537 3251 601 3316 quod
611 3251 656 3300 sibi
667 3250 812 3315 superfluum
820 3249 945 3297 ridebatur
957 3253 1108 3312 postponens,

149 3350 162 3380 u
177 3348 203 3383 ee
211 3330 365 3382 vincentium
379 3330 475 3380 nomine
489 3331 534 3380 etsi
549 3330 673 3392 indignum
688 3330 777 3381 Christi
790 3335 870 3379 tamen
884 3327 1000 3377 famulum
1015 3342 1041 3375 ac
1054 3324 1110 3376 levi-

149 3429 164 3460 u
177 3417 227 3463 tarn
240 3427 302 3475 esse,
313 3417 440 3476 conspeetu
453 3411 559 3461 omnium
569 3410 633 3461 nullo
644 3416 711 3460 metu
722 3410 818 3460 territus
830 3424 878 3458 nou
886 3407 1085 3472 cessat-olamare.
1095 3423 1109 3452 n

150 3492 221 3558 (Aeto
236 3494 263 3544 S.
279 3493 400 3543 Vincentia*
411 3491 569 3557 Apz'noenais,
584 3506 616 3540 eu
629 3491 741 3557 antiquis
754 3488 898 3540 lectionibus
909 3487 1026 3539 Ecclesiae
1034 3487 1111 3551 Apio·

149 3573 242 3636 mosis,
254 3570 372 3638 Bollaud„
385 3577 404 3625 t.
420 3571 452 3637 n,
465 3573 528 3637 jan,
541 3585 567 3636 p.
580 3569 645 3636 167.)
